<record><leader>00000cas a22000007a 4500</leader><controlfield tag="001">10976916</controlfield><controlfield tag="008">840723d18711902inuwr ne      0    0eng d</controlfield><datafield ind1=" " ind2=" " tag="010"><subfield code="a">sn 84027264 </subfield></datafield><datafield ind1=" " ind2=" " tag="040"><subfield code="a">NPU</subfield><subfield code="b">eng</subfield><subfield code="c">NPU</subfield><subfield code="d">NPX</subfield><subfield code="d">NPI</subfield><subfield code="d">MGN</subfield><subfield code="d">OCLCQ</subfield></datafield><datafield ind1=" " ind2=" " tag="042"><subfield code="a">msc</subfield></datafield><datafield ind1="0" ind2=" " tag="130"><subfield code="a">Auburn courier (Auburn, Ind. : 1871)</subfield></datafield><datafield ind1="1" ind2="4" tag="245"><subfield code="a">The Auburn courier.</subfield></datafield><datafield ind1="3" ind2="0" tag="246"><subfield code="a">Auburn weekly courier</subfield></datafield><datafield ind1=" " ind2=" " tag="260"><subfield code="a">Auburn, Ind. :</subfield><subfield code="b">Thomas C. Mays,</subfield><subfield code="c">-1902.</subfield></datafield><datafield ind1=" " ind2=" " tag="321"><subfield code="a">Weekly,</subfield><subfield code="b">1871-1909</subfield></datafield><datafield ind1="1" ind2=" " tag="362"><subfield code="a">Began Jan. 1, 1871.</subfield></datafield><datafield ind1="0" ind2=" " tag="362"><subfield code="a">-v. 32, no. 51 (Dec. 25, 1902).</subfield></datafield><datafield ind1=" " ind2=" " tag="500"><subfield code="a">Title in publisher's statement: Auburn weekly courier.</subfield></datafield><datafield ind1=" " ind2=" " tag="580"><subfield code="a">Daily ed.: The Daily courier.</subfield></datafield><datafield ind1=" " ind2=" " tag="588"><subfield code="a">Description based on: Vol. 3, no. 8 (Feb. 20, 1873).</subfield></datafield><datafield ind1=" " ind2=" " tag="752"><subfield code="a">United States</subfield><subfield code="b">Indiana</subfield><subfield code="c">De Kalb</subfield><subfield code="d">Auburn.</subfield></datafield><datafield ind1="1" ind2=" " tag="775"><subfield code="t">Daily courier (Auburn, Ind. : 1894)</subfield><subfield code="w">(DLC)sn 87056197</subfield></datafield><datafield ind1="0" ind2="0" tag="780"><subfield code="t">Air line</subfield><subfield code="w">(DLC)sn 87056220</subfield></datafield><datafield ind1="0" ind2="0" tag="785"><subfield code="t">Auburn weekly courier</subfield><subfield code="w">(DLC)sn 87056204</subfield></datafield></record>